@INPROCEEDINGS{2016APS..APR.R5001S,
   author = {{Schlamminger}, S.},
    title = ``{Measurements of the gravitational constant - why we need new ideas}'',
booktitle = {APS April Meeting Abstracts},
     year = 2016,
    month = mar,
   adsurl = {http://adsabs.harvard.edu/abs/2016APS..APR.R5001S},
  adsnote = {Provided by the SAO/NASA Astrophysics Data System}
}

@ARTICLE{2005MNRAS.356..587C,
   author = {{Christensen-Dalsgaard}, J. and {Di Mauro}, M.~P. and {Schlattl}, H. and 
     {Weiss}, A.},
    title = ``{On helioseismic tests of basic physics}'',
  journal = {\mnras},
 keywords = {Sun: fundamental parameters, Sun: helioseismology, Sun: interior, cosmological parameters},
     year = 2005,
    month = jan,
   volume = 356,
    pages = {587-595},
      doi = {10.1111/j.1365-2966.2004.08477.x},
   adsurl = {http://adsabs.harvard.edu/abs/2005MNRAS.356..587C},
  adsnote = {Provided by the SAO/NASA Astrophysics Data System}
}

@INPROCEEDINGS{Tomilin99naturalsystems,
    author = {K. A. Tomilin},
    title = {Natural Systems of Units. To the Centenary Anniversary of the Planck System},
    booktitle = {Proceedings Of The XXII Workshop On High Energy Physics And Field Theory},
    year = {1999}
}

@ARTICLE{2015AmJPh..83..913C,
   author = {{Chao}, L.~S. and {Schlamminger}, S. and {Newell}, D.~B. and 
	{Pratt}, J.~R. and {Seifert}, F. and {Zhang}, X. and {Sineriz}, G. and 
	{Liu}, M. and {Haddad}, D.},
    title = "{A LEGO Watt balance: An apparatus to determine a mass based on the new SI}",
  journal = {American Journal of Physics},
archivePrefix = "arXiv",
   eprint = {1412.1699},
 primaryClass = "physics.ins-det",
     year = 2015,
    month = nov,
   volume = 83,
    pages = {913-922},
      doi = {10.1119/1.4929898},
   adsurl = {http://adsabs.harvard.edu/abs/2015AmJPh..83..913C},
  adsnote = {Provided by the SAO/NASA Astrophysics Data System}
}

@ARTICLE{2018Metro..55L..13N,
   author = {{Newell}, D.~B. and {Cabiati}, F. and {Fischer}, J. and {Fujii}, K. and 
	{Karshenboim}, S.~G. and {Margolis}, H.~S. and {de Mirand{\'e}s}, E. and 
	{Mohr}, P.~J. and {Nez}, F. and {Pachucki}, K. and {Quinn}, T.~J. and 
	{Taylor}, B.~N. and {Wang}, M. and {Wood}, B.~M. and {Zhang}, Z.
	},
    title = "{The CODATA 2017 values of h, e, k, and N $_{A}$ for the revision of the SI}",
  journal = {Metrologia},
     year = 2018,
    month = apr,
   volume = 55,
    pages = {L13},
      doi = {10.1088/1681-7575/aa950a},
   adsurl = {http://adsabs.harvard.edu/abs/2018Metro..55L..13N},
  adsnote = {Provided by the SAO/NASA Astrophysics Data System}
}



