@inproceedings{Tomilin1998,
    author = "Tomilin, K.A.",
    booktitle = "{Proceedings, 21st International Workshop on the Fundamental Problems of High-Energy Physics and Field Theory}: {Protvino, Russia, June 23-25, 1998}",
    pages = "287--296",
    title = "{Natural Systems of Units. To the Centenary Anniversary of the Planck System}",
    year = "1998"
}

@ARTICLE{Planck1899,
    author = {{Planck}, M.},
    title = {\"{U}ber irreversible {S}trahlungsvorg\"{a}nge},
    journal = {Sitzungsberichte der K\"{o}niglich Preussischen Akademie der Wissenschaften zu Berlin},
    year = {1899},
    pages = {440--480}
}

@article{Jeckelmann_2018, title={A milestone in the further development of the International System of Units}, DOI={10.5281/zenodo.3240431}, publisher={Zenodo}, author={Jeckelmann, Beat}, year={2018}}

@ARTICLE{2020PASP..132b1001S,
       author = {{Saha}, Prasenjit},
        title = "{Astronomy and the new SI}",
      journal = {\pasp},
     keywords = {Astrophysics - Instrumentation and Methods for Astrophysics},
         year = 2020,
        month = feb,
       volume = {132},
       number = {1008},
        pages = {021001},
          doi = {10.1088/1538-3873/ab54a9},
archivePrefix = {arXiv},
       eprint = {1911.10204},
 primaryClass = {astro-ph.IM},
       adsurl = {https://ui.adsabs.harvard.edu/abs/2020PASP..132b1001S},
      adsnote = {Provided by the SAO/NASA Astrophysics Data System}
}

@book{magicenv,
  author={{Saha}, P. and {Taylor}, P. A.},
  title="{The Astronomers' Magic Envelope}",
  publisher={Oxford University Press},
  year={2018}
}

@BOOK{dodd2011,
      author = {{Dodd}, Richard},
      title = "{Using SI Units in Astronomy}",
      year = "2011",
      publisher={Cambridge University Press},
      adsurl = {https://ui.adsabs.harvard.edu/abs/2011usua.book.....D},
      adsnote = {Provided by the SAO/NASA Astrophysics Data System}
}